% This is part of the Analysis of Algorithms.
% Copyright (C) 2024
%   João Augusto Costa Branco Marado Torres
% See the file ./paper.tex for copying conditions.
@book{algs,
    author = {H. Cormen, Thomas and E. Leiserson, Charles and L. Rivest, Ronald
              and Stein, Clifford},
    title = {Introduction to Algorithms},
    publisher = {The MIT Press},
    location = {Cambridge, Massachusetts and London, England},
    isbn = {9780262033848 and 9780262533058},
    gender = {pm},
    edition = {3},
    year = {2009},
    month = {7},
}
@book{designanalysis,
    author = {Levitin, Anany},
    title = {Introduction to The Design \& Analysis of Algorithms},
    isbn = {0132316811 and 9780132316811},
    editor = {Pearson},
    gender = {sm},
    edition = {3},
    institution = {Villanova University},
    year = {2011},
    month = {9},
}
@online{cs_roadmap,
    author = {Ahmed, Kamran},
    title = {Computer Science},
    date = {2024-12-22},
    url = {https://roadmap.sh/computer-science},
    urldate={2024-12-22}
}
@online{datastructs_algs_roadmap,
    author = {Ahmed, Kamran},
    title = {Data Structures \& Algorithms},
    date = {2024-12-22},
    url = {https://roadmap.sh/datastructures-and-algorithms},
    urldate={2024-12-22}
}
@software{coding_interview,
    author={Washam, John},
    title={{Coding Interview University}},
    date = {2024-12-05},
    howpublished={git},
    type={manual},
    url = {https://github.com/jwasham/coding-interview-university},
    urldate={2024-12-20},
}
@online{aoc,
    author={Wastl, Eric},
    title={Advent of Code},
    year={2024},
    url={https://adventofcode.com/},
}
@software{aocsols,
    author = {Costa Branco Marado Torres, João Augusto},
    title = {{aoc2024}},
    url = {https://github.com/Marado-Programmer/aoc2024},
    year = {2024},
    month = dec,
    howpublished={git},
}
@software{repo,
    author = {Costa Branco Marado Torres, João Augusto},
    license = {GFDL-1.3-or-later},
    month = dec,
    title = {{alganalysis}},
    url = {https://github.com/Marado-Programmer/alganalysis},
    year = {2024},
}
